@ARTICLE{Ashmore1991,
	author = {Ashmore, Jonathon F.},
	year = 1991,
	title = {The Electrophysiology of Hair Cells},
	journaltitle = {Annual Review of Physiology},
	volume = 53,
	pages = {465-476}}

@ARTICLE{Dreyer2006,
	author = {Anna Dreyer and Bertrand Delgutte},
	title = {Phase Locking of Auditory-Nerve Fibers to the Envelopes of High-Frequency Sounds: Implications for Sound Localization},
	year = 2006,
	journaltitle = {Journal of Neurophysiology},
	volume = 96,
	pages = {2326-2341},
	doi = {10.1152/jn.00326.2006}}

@ARTICLE{Shamma2000,
	author = {Shihab Shamma and David Klein},
	year = 2000,
	title = {The case of the missing pitch template: How harmonic templates emerge in the early auditory system},
	journaltitle = {The Journal of the Acoustical Society of America},
	volume = 2015,
	number = 5,
	pages = {2631-2644}}

